<record><leader>00000cas a22000007a 4500</leader><controlfield tag="001">12325732</controlfield><controlfield tag="008">850730d18941901wiuwr ne      0    0eng d</controlfield><datafield ind1=" " ind2=" " tag="010"><subfield code="a">sn 85041068 </subfield></datafield><datafield ind1=" " ind2=" " tag="040"><subfield code="a">NPV</subfield><subfield code="b">eng</subfield><subfield code="c">NPV</subfield><subfield code="d">OCLCQ</subfield></datafield><datafield ind1=" " ind2=" " tag="042"><subfield code="a">msc</subfield></datafield><datafield ind1=" " ind2=" " tag="045"><subfield code="a">w9x0</subfield></datafield><datafield ind1=" " ind2=" " tag="052"><subfield code="a">4123</subfield><subfield code="b">L3</subfield></datafield><datafield ind1="0" ind2="4" tag="245"><subfield code="a">The Belmont bee.</subfield></datafield><datafield ind1=" " ind2=" " tag="260"><subfield code="a">Belmont, Wis. :</subfield><subfield code="b">Conley &amp; Bresee,</subfield><subfield code="c">1894-1901.</subfield></datafield><datafield ind1=" " ind2=" " tag="300"><subfield code="a">8 v.</subfield></datafield><datafield ind1=" " ind2=" " tag="310"><subfield code="a">Weekly</subfield></datafield><datafield ind1="0" ind2=" " tag="362"><subfield code="a">Vol. 1, no. 1 (Mar. 1, 1894)-v. 8, no. 12 (Aug. 22, 1901).</subfield></datafield><datafield ind1=" " ind2=" " tag="500"><subfield code="a">Publisher changes: J.M. Conley, &lt;May 26, 1898&gt;-June 16, 1898.--J.W. Chambers, June 23, 1898-Aug. 22, 1901.</subfield></datafield><datafield ind1=" " ind2=" " tag="525"><subfield code="a">Supplements accompany some issues.</subfield></datafield><datafield ind1=" " ind2=" " tag="530"><subfield code="a">Available on microfilm from The State Historical Society of Wisconsin.</subfield></datafield><datafield ind1=" " ind2=" " tag="752"><subfield code="a">United States</subfield><subfield code="b">Wisconsin</subfield><subfield code="c">Lafayette</subfield><subfield code="d">Belmont.</subfield></datafield></record>